<?xml version="1.0"?>
<marc:collection xmlns:marc="http://www.loc.gov/MARC21/slim" xmlns:xsi="http://www.w3.org/2001/XMLSchema-instance" xsi:schemaLocation="http://www.loc.gov/MARC21/slim http://www.loc.gov/standards/marcxml/schema/MARC21slim.xsd">
   <marc:record type="Bibliographic">
      <marc:leader>01721cam a2200421   4500</marc:leader>
      <marc:controlfield tag="001">1636212</marc:controlfield>
      <marc:controlfield tag="003">NjP</marc:controlfield>
      <marc:controlfield tag="005">20100809135514.0</marc:controlfield>
      <marc:controlfield tag="008">811020s1965    iq       b    000 0 ararc</marc:controlfield>
      <marc:datafield tag="024" ind1="7" ind2=" ">
         <marc:subfield code="a">princeton_aco000002</marc:subfield>
         <marc:subfield code="2">local</marc:subfield>
      </marc:datafield>
      <marc:datafield tag="010" ind1=" " ind2=" ">
         <marc:subfield code="a">ne 65002717 </marc:subfield>
      </marc:datafield>
      <marc:datafield tag="035" ind1=" " ind2=" ">
         <marc:subfield code="a">(OCoLC)ocn177538369</marc:subfield>
      </marc:datafield>
      <marc:datafield tag="035" ind1=" " ind2=" ">
         <marc:subfield code="a">(OCoLC)ocm07859355</marc:subfield>
      </marc:datafield>
      <marc:datafield tag="035" ind1=" " ind2=" ">
         <marc:subfield code="a">(OCoLC)177538369</marc:subfield>
      </marc:datafield>
      <marc:datafield tag="035" ind1=" " ind2=" ">
         <marc:subfield code="9">CFE7104TS</marc:subfield>
      </marc:datafield>
      <marc:datafield tag="035" ind1=" " ind2=" ">
         <marc:subfield code="a">(NjP)1636212</marc:subfield>
      </marc:datafield>
      <marc:datafield tag="040" ind1=" " ind2=" ">
         <marc:subfield code="a">Princeton Univ. Libr.</marc:subfield>
         <marc:subfield code="c">PUL</marc:subfield>
         <marc:subfield code="d">PUL</marc:subfield>
      </marc:datafield>
      <marc:datafield tag="049" ind1=" " ind2=" ">
         <marc:subfield code="a">PULL</marc:subfield>
      </marc:datafield>
      <marc:datafield tag="079" ind1=" " ind2=" ">
         <marc:subfield code="a">ocm07859355</marc:subfield>
      </marc:datafield>
      <marc:datafield tag="100" ind1="1" ind2=" ">
         <marc:subfield code="6">880-01</marc:subfield>
         <marc:subfield code="a">H&#x323;adi&#x304;thi&#x304;, Khadi&#x304;jah &#x2BB;Abd al-Razza&#x304;q.</marc:subfield>
      </marc:datafield>
      <marc:datafield tag="245" ind1="1" ind2="0">
         <marc:subfield code="6">880-02</marc:subfield>
         <marc:subfield code="a">Abniyat al-s&#x323;arf fi&#x304; kita&#x304;b Si&#x304;bawayh.</marc:subfield>
         <marc:subfield code="c">[ta&#x2BC;lif] Khadi&#x304;jah ai-H&#x323;adii&#x304;thi&#x304;.</marc:subfield>
      </marc:datafield>
      <marc:datafield tag="250" ind1=" " ind2=" ">
         <marc:subfield code="6">880-03</marc:subfield>
         <marc:subfield code="a">[al-t&#x323;ab&#x2BB;ah 1]</marc:subfield>
      </marc:datafield>
      <marc:datafield tag="260" ind1=" " ind2=" ">
         <marc:subfield code="6">880-04</marc:subfield>
         <marc:subfield code="a">Baghda&#x304;d,</marc:subfield>
         <marc:subfield code="b">Maktabat al-nahd&#x323;ah</marc:subfield>
         <marc:subfield code="c">[1965]</marc:subfield>
      </marc:datafield>
      <marc:datafield tag="300" ind1=" " ind2=" ">
         <marc:subfield code="a">576 p.</marc:subfield>
         <marc:subfield code="c">25 cm.</marc:subfield>
      </marc:datafield>
      <marc:datafield tag="500" ind1=" " ind2=" ">
         <marc:subfield code="6">880-05</marc:subfield>
         <marc:subfield code="a">Cover title: Abniyat al-s&#x323;arf fi&#x304; k. Sibawayhi [by] Khadijah al-Hadithi.</marc:subfield>
      </marc:datafield>
      <marc:datafield tag="500" ind1=" " ind2=" ">
         <marc:subfield code="6">880-06</marc:subfield>
         <marc:subfield code="a">Risa&#x304;lat al-ma&#x304;jisti&#x304;r-Jami&#x2BB;at al-Qa&#x304;hirah.</marc:subfield>
      </marc:datafield>
      <marc:datafield tag="504" ind1=" " ind2=" ">
         <marc:subfield code="a">Bibliography: p. 531-537.</marc:subfield>
      </marc:datafield>
      <marc:datafield tag="650" ind1=" " ind2="0">
         <marc:subfield code="a">Arabic language</marc:subfield>
         <marc:subfield code="x">Morphology.</marc:subfield>
      </marc:datafield>
      <marc:datafield tag="600" ind1="1" ind2="0">
         <marc:subfield code="a">Si&#x304;bawayh, &#x2BB;Amr ibn &#x2BB;Uthma&#x304;n,</marc:subfield>
         <marc:subfield code="d">8th cent.</marc:subfield>
         <marc:subfield code="t">Kita&#x304;b.</marc:subfield>
      </marc:datafield>
      <marc:datafield tag="880" ind1="1" ind2=" ">
         <marc:subfield code="6">100-01/r</marc:subfield>
         <marc:subfield code="a">&#x62D;&#x62F;&#x64A;&#x62B;&#x64A;&#x60C; &#x62E;&#x62F;&#x64A;&#x62C;&#x629; &#x639;&#x628;&#x62F; &#x627;&#x644;&#x631;&#x632;&#x627;&#x642;.</marc:subfield>
      </marc:datafield>
      <marc:datafield tag="880" ind1="1" ind2="0">
         <marc:subfield code="6">245-02/r</marc:subfield>
         <marc:subfield code="a">&#x627;&#x628;&#x646;&#x64A;&#x629; &#x627;&#x644;&#x635;&#x631;&#x641; &#x641;&#x64A; &#x643;&#x62A;&#x627;&#x628; &#x633;&#x64A;&#x628;&#x648;&#x64A;&#x647;.</marc:subfield>
         <marc:subfield code="c">[&#x62A;&#x623;&#x644;&#x641;] &#x62E;&#x62F;&#x64A;&#x62C;&#x629; &#x627;&#x62D;&#x62F;&#x64A;&#x62B;&#x64A;.</marc:subfield>
      </marc:datafield>
      <marc:datafield tag="880" ind1=" " ind2=" ">
         <marc:subfield code="6">250-03/r</marc:subfield>
         <marc:subfield code="a">[&#x627;&#x644;&#x637;&#x628;&#x639;&#x629; 1]</marc:subfield>
      </marc:datafield>
      <marc:datafield tag="880" ind1=" " ind2=" ">
         <marc:subfield code="6">260-04/r</marc:subfield>
         <marc:subfield code="a">&#x628;&#x63A;&#x62F;&#x627;&#x62F;&#x60C;</marc:subfield>
         <marc:subfield code="b">&#x645;&#x643;&#x62A;&#x628;&#x629; &#x627;&#x644;&#x646;&#x647;&#x636;&#x629;</marc:subfield>
         <marc:subfield code="c">[1965]</marc:subfield>
      </marc:datafield>
      <marc:datafield tag="880" ind1=" " ind2=" ">
         <marc:subfield code="6">500-05/r</marc:subfield>
         <marc:subfield code="a">Cover title: &#x627;&#x628;&#x646;&#x64A;&#x629; &#x627;&#x644;&#x635;&#x631;&#x641; &#x641;&#x64A; &#x643;. &#x633;&#x628;&#x648;&#x64A;&#x647; [by] &#x62E;&#x62F;&#x62C;&#x629; &#x627;&#x644;&#x647;&#x62F;&#x62B;.</marc:subfield>
      </marc:datafield>
      <marc:datafield tag="880" ind1=" " ind2=" ">
         <marc:subfield code="6">500-06/r</marc:subfield>
         <marc:subfield code="a">&#x631;&#x633;&#x627;&#x644;&#x629; &#x627;&#x644;&#x645;&#x627;&#x62C;&#x633;&#x62A;&#x64A;&#x631;&#x62C;&#x645;&#x639;&#x629; &#x627;&#x644;&#x642;&#x627;&#x647;&#x631;&#x629;.</marc:subfield>
      </marc:datafield>
      <marc:datafield tag="852" ind1="0" ind2=" ">
         <marc:subfield code="b">nec</marc:subfield>
         <marc:subfield code="h">PJ6101.S53</marc:subfield>
         <marc:subfield code="i">H3 1965</marc:subfield>
         <marc:subfield code="p">1886950</marc:subfield>
         <marc:subfield code="x">reclassed from: 2274.88.707.1</marc:subfield>
      </marc:datafield>
      <marc:datafield tag="947" ind1=" " ind2=" ">
         <marc:subfield code="a">CFE7104</marc:subfield>
      </marc:datafield>
      <marc:datafield tag="911" ind1=" " ind2=" ">
         <marc:subfield code="a">20000130</marc:subfield>
      </marc:datafield>
      <marc:datafield tag="994" ind1=" " ind2=" ">
         <marc:subfield code="a">C0</marc:subfield>
         <marc:subfield code="b">PUL</marc:subfield>
      </marc:datafield>
      <marc:datafield tag="999" ind1=" " ind2=" ">
         <marc:subfield code="a">1636212</marc:subfield>
      </marc:datafield>
   </marc:record>
</marc:collection>
